<record><leader>00000cas a22000007a 4500</leader><controlfield tag="001">11189020</controlfield><controlfield tag="008">840924d18481850iauwr ne      0    0eng d</controlfield><datafield ind1=" " ind2=" " tag="010"><subfield code="a">sn 84038142 </subfield></datafield><datafield ind1=" " ind2=" " tag="040"><subfield code="a">NPX</subfield><subfield code="b">eng</subfield><subfield code="c">NPX</subfield><subfield code="d">OCLCQ</subfield></datafield><datafield ind1=" " ind2=" " tag="042"><subfield code="a">msc</subfield></datafield><datafield ind1="0" ind2="0" tag="245"><subfield code="a">Dubuque telegraph.</subfield></datafield><datafield ind1=" " ind2=" " tag="260"><subfield code="a">Dubuque, Iowa :</subfield><subfield code="b">Orlando M'Craney</subfield></datafield><datafield ind1=" " ind2=" " tag="300"><subfield code="a">v.</subfield></datafield><datafield ind1=" " ind2=" " tag="310"><subfield code="a">Weekly</subfield></datafield><datafield ind1="1" ind2=" " tag="362"><subfield code="a">Began in 1848? Ceased in 1850?</subfield><subfield code="z">Cf. Bibl. of Iowa newspapers.</subfield></datafield><datafield ind1=" " ind2=" " tag="500"><subfield code="a">Editor: Orlando M'Craney, &lt;1850&gt;.</subfield></datafield><datafield ind1=" " ind2=" " tag="500"><subfield code="a">"Whig," &lt;1850&gt;.</subfield></datafield><datafield ind1=" " ind2=" " tag="588"><subfield code="a">Description based on: Vol. 2, no. 33 (June 18, 1850).</subfield></datafield><datafield ind1=" " ind2=" " tag="752"><subfield code="a">United States</subfield><subfield code="b">Iowa</subfield><subfield code="c">Dubuque</subfield><subfield code="d">Dubuque.</subfield></datafield><datafield ind1="1" ind2=" " tag="029"><subfield code="a">AU@</subfield><subfield code="b">000025818955</subfield></datafield></record>